% Thesis bibliography
@String{Jan = {Jan.}}
@String{Feb = {Feb.}}
@String{Mar = {Mar.}}
@String{Apr = {Apr.}}
@String{May = {May}}
@String{Jun = {June}}
@String{Jul = {July}}
@String{Aug = {Aug.}}
@String{Sep = {Sep.}}
@String{Oct = {Oct.}}
@String{Nov = {Nov.}}
@String{Dec = {Dec.}}

@String{tpami  = {IEEE Transactions Pattern Analysis and Machine Intelligence}}
@String{tNN    = {IEEE Transactions on Neural Networks}}
@String{CVPR   = {IEEE Conference on Computer Vision and Pattern Recognition (CVPR)}}
@String{ICCV   = {IEEE International Conference on Computer Vision (ICCV)}}
@String{toit   = {IEEE Transactions on Information Theory}}
@String{tsmc   = {IEEE Transactions on Systems, Man, and Cybernetics}}
@String{IEEIP  = {IEEE International Conference on Image Processing}}
@String{IEETIO = {IEEE Transactions on Image Processing}}
@String{TENCON = {IEEE Region Ten Conference (TENCON)}}
@String{ToC    = {IEEE Transactions on Computers}}
@String{MLSP   = {IEEE Workshop on Machine Learning for Signal Processing (MLSP)}}
@String{ICASSP = {IEEE International Conference on Acoustics, Speech and Signal Processing (ICASSP)}}

@String{JMedicalI = {Journal of Medical Investigation}}
@String{NN = {Neural Networks}}
@String{NC = {Neural Computation}}
@String{N = {Neurocomputing}}
@String{PR = {Pattern Recognition}}
@String{JMLR = {Journal of Machine Learning Research}}
@String{S = {Science}}
@String{JASA = {Journal of the American Statistical Association}}
@String{AoE = {Annals of Eugenics}}
@String{B = {Bioinformatics}}
@String{NM = {Nature Medicine}}
@String{NG = {Nature Genetics}}
@String{CGS = {Journal of Computational and Graphical Statistics}}
@String{JMI = {International Journal of Medical Informatics}}
@String{Pediatric = {Pediatric Research}}
@String{CMIG = {Computerized Medical Imaging and Graphics}}
@String{SO = {Seminars in Oncology}}
@String{BJD = {British Journal of Dermatology}}
@String{PRL = {Pattern Recognition Letters}}
@String{BC = {Biological Cybernetics}}
@String{SP = {Signal Processing}}
@String{IaVC  = {Image and Vision Computing}}
@String{PAaA = {Pattern Analysis and Applications}}
@String{P = {Psychometrika}}
@String{IDA = {Intelligent Data Analysis}}
@String{SIAM = {SIAM Review}}
@String{SIAMJ = {SIAM Journal of Scientific Computing}}
@String{SIAMJMAA = {SIAM Journal on Matrix Analysis and Applications}}
@String{CMA   = {Computers \& Mathematics with Applications}}
@String{CSRD  = {Computer Science Research and Development}}
@String{PE = {Protein Engineering}}
@String{E = {Entropy}}
@String{USSR = {USSR Computational Mathematics and Mathematical Physics}}
@String{AoMS = {Annals of Mathematical Statistics}}
@String{Bm = {Biometrika}}
@String{ISICS = {Information Sciences-Informatics and Computer Science: An International Journal}}
@String{MA = {Multivariate Analalysis}}
@String{UAF = {Unsupervised Adaptive Filtering}}
@String{JoFI = {Journal of the Franklin Institute}}
@String{NM = {Nature Methods}}
@String{AEM = {Applied and Environmental Microbiology}}

@String{po = {Proc. of the}}
@String{LNCS = {Lecture Notes in Computer Science}}
@String{NAS = {National Academy of Sciences (PNAS)}}
@String{NANC = {From Natural to Artificial Neural Computation}}
@String{ANN = {Artificial Neural Networks}}
@String{NIPS = {Advances in Neural Information Processing Systems (NIPS)}}
@String{ICAN = {International Conference on Artificial Neural Networks}}
@String{NPL = {Neural Processing Letters}}
@String{esann = {European Symposium on Artificial Neural Networks {(ESANN)}}}
@String{asprs = {(ASPRS) Annual Conference and Technology Exhibition}}
@String{MoIM = {Methods of Information in Medicine}}
@String{ACMIWMIR = {ACM International Workshop on Multimedia Information Retrieval}}
@String{ACMM = {ACM Multimedia}}
@String{HPDC = {IEEE International Symposium on High Performance Distributed Computing (HPDC)}}
@String{RAiVIS = {Recent Advances in Visual Information Systems}}
@String{VI = {Conf. on Vision Interface}}
@String{wRAT = {International Workshop on Recognition, Analysis and Tracking of Faces and Gestures in Real-Time Systems}}
@String{CGV = {International Conference on Computer Graphics and Vision (Graphicon)}}
@String{WACV = {IEEE Workshop on Applications of Computer Vision (WACV)}}
@String{ICAFGR = {International Conference on Automatic Face and Gesture Recognition}}
@String{SRT = {Skin Research and Technology}}
@String{NCAI = {National Conference on Artificial Intelligence}}
@String{ICML = {International Conference on Machine Learning (ICML)}}
@String{AISTATS = {International Conference on Artificial Intelligence and Statistics (AI-STATS)}}
@String{SPIE = {Society of Photo-Optical Instrumentation Engineers (SPIE)}}
@String{ISNN = {Advances in Neural Networks - ISNN}}
@String{HaMP = {Human and Machine Perception}}
@String{FIPKM= {Reports of the Institute for Phonetics and Speech Communication (FIPKM)}}
@String{WSOM = {Workshop on Self-Organizing Maps (WSOM)}}
@String{MLR  = {Machine Learning Reports}}
@String{WHISPERS = {Workshop on Hyperspectral Image and Signal Processing: Evolution in Remote Sensing (WHISPERS)}}
@String{SIGKDD = {ACM SIGKDD International Conference on Knowledge Discovery and Data Mining}}
@String{ICA = {Independent Component Analysis}}
@String{SSMH = {Studia Scientarium Mathematicarum Hungarica}}
@String{PMH  = {Periodica Mathematica Hungarica}}
@String{ToMM = {Translations of Methematical Monographs}}
@String{BSMSP = {Berkeley Symposium on Mathematics, Statistics and Probability}}

@article{VanderMaaten2008,
author = {van der Maaten, Laurens and Hinton, Geoffrey},
citeulike-article-id = {3749741},
journal = JMLR,
month = Nov,
pages = {2579-2605},
priority = {2},
title = {Visualizing Data using {t-SNE}},
volume = {9},
year = {2008},
url2 = {http://www.jmlr.org/papers/volume9/vandermaaten08a/vandermaaten08a.pdf},
posted-at = {2008-12-05 09:58:18},
}