% Thesis bibliography
@String{Jan = {Jan.}}
@String{Feb = {Feb.}}
@String{Mar = {Mar.}}
@String{Apr = {Apr.}}
@String{May = {May}}
@String{Jun = {June}}
@String{Jul = {July}}
@String{Aug = {Aug.}}
@String{Sep = {Sep.}}
@String{Oct = {Oct.}}
@String{Nov = {Nov.}}
@String{Dec = {Dec.}}

@String{tpami  = {IEEE Transactions Pattern Analysis and Machine Intelligence}}
@String{tNN    = {IEEE Transactions on Neural Networks}}
@String{CVPR   = {IEEE Conference on Computer Vision and Pattern Recognition (CVPR)}}
@String{ICCV   = {IEEE International Conference on Computer Vision (ICCV)}}
@String{toit   = {IEEE Transactions on Information Theory}}
@String{tsmc   = {IEEE Transactions on Systems, Man, and Cybernetics}}
@String{IEEIP  = {IEEE International Conference on Image Processing}}
@String{IEETIO = {IEEE Transactions on Image Processing}}
@String{TENCON = {IEEE Region Ten Conference (TENCON)}}
@String{ToC    = {IEEE Transactions on Computers}}
@String{MLSP   = {IEEE Workshop on Machine Learning for Signal Processing (MLSP)}}
@String{ICASSP = {IEEE International Conference on Acoustics, Speech and Signal Processing (ICASSP)}}

@String{JMedicalI = {Journal of Medical Investigation}}
@String{NN = {Neural Networks}}
@String{NC = {Neural Computation}}
@String{N = {Neurocomputing}}
@String{PR = {Pattern Recognition}}
@String{JMLR = {Journal of Machine Learning Research}}
@String{S = {Science}}
@String{JASA = {Journal of the American Statistical Association}}
@String{AoE = {Annals of Eugenics}}
@String{B = {Bioinformatics}}
@String{NM = {Nature Medicine}}
@String{NG = {Nature Genetics}}
@String{CGS = {Journal of Computational and Graphical Statistics}}
@String{JMI = {International Journal of Medical Informatics}}
@String{Pediatric = {Pediatric Research}}
@String{CMIG = {Computerized Medical Imaging and Graphics}}
@String{SO = {Seminars in Oncology}}
@String{BJD = {British Journal of Dermatology}}
@String{PRL = {Pattern Recognition Letters}}
@String{BC = {Biological Cybernetics}}
@String{SP = {Signal Processing}}
@String{IaVC  = {Image and Vision Computing}}
@String{PAaA = {Pattern Analysis and Applications}}
@String{P = {Psychometrika}}
@String{IDA = {Intelligent Data Analysis}}
@String{SIAM = {SIAM Review}}
@String{SIAMJ = {SIAM Journal of Scientific Computing}}
@String{SIAMJMAA = {SIAM Journal on Matrix Analysis and Applications}}
@String{CMA   = {Computers \& Mathematics with Applications}}
@String{CSRD  = {Computer Science Research and Development}}
@String{PE = {Protein Engineering}}
@String{E = {Entropy}}
@String{USSR = {USSR Computational Mathematics and Mathematical Physics}}
@String{AoMS = {Annals of Mathematical Statistics}}
@String{Bm = {Biometrika}}
@String{ISICS = {Information Sciences-Informatics and Computer Science: An International Journal}}
@String{MA = {Multivariate Analalysis}}
@String{UAF = {Unsupervised Adaptive Filtering}}
@String{JoFI = {Journal of the Franklin Institute}}
@String{NM = {Nature Methods}}
@String{AEM = {Applied and Environmental Microbiology}}

@String{po = {Proc. of the}}
@String{LNCS = {Lecture Notes in Computer Science}}
@String{NAS = {National Academy of Sciences (PNAS)}}
@String{NANC = {From Natural to Artificial Neural Computation}}
@String{ANN = {Artificial Neural Networks}}
@String{NIPS = {Advances in Neural Information Processing Systems (NIPS)}}
@String{ICAN = {International Conference on Artificial Neural Networks}}
@String{NPL = {Neural Processing Letters}}
@String{esann = {European Symposium on Artificial Neural Networks {(ESANN)}}}
@String{asprs = {(ASPRS) Annual Conference and Technology Exhibition}}
@String{MoIM = {Methods of Information in Medicine}}
@String{ACMIWMIR = {ACM International Workshop on Multimedia Information Retrieval}}
@String{ACMM = {ACM Multimedia}}
@String{HPDC = {IEEE International Symposium on High Performance Distributed Computing (HPDC)}}
@String{RAiVIS = {Recent Advances in Visual Information Systems}}
@String{VI = {Conf. on Vision Interface}}
@String{wRAT = {International Workshop on Recognition, Analysis and Tracking of Faces and Gestures in Real-Time Systems}}
@String{CGV = {International Conference on Computer Graphics and Vision (Graphicon)}}
@String{WACV = {IEEE Workshop on Applications of Computer Vision (WACV)}}
@String{ICAFGR = {International Conference on Automatic Face and Gesture Recognition}}
@String{SRT = {Skin Research and Technology}}
@String{NCAI = {National Conference on Artificial Intelligence}}
@String{ICML = {International Conference on Machine Learning (ICML)}}
@String{AISTATS = {International Conference on Artificial Intelligence and Statistics (AI-STATS)}}
@String{SPIE = {Society of Photo-Optical Instrumentation Engineers (SPIE)}}
@String{ISNN = {Advances in Neural Networks - ISNN}}
@String{HaMP = {Human and Machine Perception}}
@String{FIPKM= {Reports of the Institute for Phonetics and Speech Communication (FIPKM)}}
@String{WSOM = {Workshop on Self-Organizing Maps (WSOM)}}
@String{MLR  = {Machine Learning Reports}}
@String{WHISPERS = {Workshop on Hyperspectral Image and Signal Processing: Evolution in Remote Sensing (WHISPERS)}}
@String{SIGKDD = {ACM SIGKDD International Conference on Knowledge Discovery and Data Mining}}
@String{ICA = {Independent Component Analysis}}
@String{SSMH = {Studia Scientarium Mathematicarum Hungarica}}
@String{PMH  = {Periodica Mathematica Hungarica}}
@String{ToMM = {Translations of Methematical Monographs}}
@String{BSMSP = {Berkeley Symposium on Mathematics, Statistics and Probability}}

@article{Barbuddhe2008,
Author  = {S. B. Barbuddhe and T. Maier and G. Schwarz and M. Kostrzewa and H. Hof and E. Domann and T. Chakraborty and T. Hain},
Title   = {Rapid identification and typing of Listeria species by matrix-assisted laser desorption ionization-time of flight mass spectrometry},
Journal = AEM,
Year   = {2008},
Volume = {74},
Number = {17},
Pages = {5402-5407},
Publisher = {American Soc. Microbiology},
Address = {1752 N ST NW, WASHINGTON, DC 20036-2904 USA},
}

@article{Maier2006,
Author = {T. Maier and S. Klebel and U. Renner and M. Kostrzewa},
Title  = {Fast and reliable {MALDI-TOF MS}-based microorganism identification},
Journal = NM,
Year = {2006},
Number = {3},
}

@techreport{Nene1996,
author 	= {S.~A. Nene and S.~K. Nayar and H. Murase},
title 	= {Columbia {O}bject {I}mage {L}ibrary ({COIL-20})},
year 	= {1996},
number = {CUCS-005-96},
institution = {Columbia University,},
}

@article{Jenssen2006,
author = {Robert Jenssen and Jose C. Principe and Deniz Erdogmus and Torbj\orn Eltoft},
title = {The {C}auchy-{S}chwarz divergence and {P}arzen windowing: Connections to graph theory and {M}ercer kernels},
journal = JoFI,
volume = {343},
number = {6},
pages = {614-629},
year = {2006},
issn = {0016-0032},
doi = {10.1016/j.jfranklin.2006.03.018},
url2 = {http://www.sciencedirect.com/science/article/B6V04-4K5JVVM-1/2/f125e5ed1696a03bac9e88be83b40167},
}

@phdthesis{Jenssen2005,
author = {R. Jenssen},
title = {An Information Theoretic Approach to Machine Learning},
school = {University of Troms\o},
address = {Department of Physics},
year = {2005},
}

@incollection{Principe2000,
author = {Jose C. Principe and Dongxin Xu and John W. {Fisher III}},
title = {Information-Theoretic Learning},
booktitle = UAF,
editor = {S. Haykin},
volume = {1},
publisher = {Wiley},
address = {New York},
edition = {Second},
year = {2000},
chapter = {7},
pages = {},
note = {},
}

@article{Fujisawa2008,
author = {Fujisawa, Hironori and Eguchi, Shinto},
title = {Robust parameter estimation with a small bias against heavy contamination},
journal = MA,
volume = {99},
number = {9},
year = {2008},
pages = {2053-2081},
publisher = {Academic Press, Inc.},
address = {Orlando, FL, USA},
doi = {10.1016/j.jmva.2008.02.004},
url2 = {http://dx.doi.org/10.1016/j.jmva.2008.02.004},
issn = {0047-259X},
}

@book{Renyi1970,
author = {Alfred R\'{e}nyi},
title = {Probability Theory},
year = {1970},
publisher = {North-Holland series in applied mathematics and mechanics, v. 10},
address = {Amsterdam},
masid = {1137665},
isbn = {0720423600},
}

@incollection{Renyi1961,
author = {Alfred R\'{e}nyi},
title = {On measures of entropy and information},
booktitle = po # " 4th " # BSMSP,
booktitle2 = {Proc. 4th Berkeley Symp. Math. Stat. Prob.},
volume = {1},
pages = {547-561},
publisher = {University of California Press, Berkeley},
year = {1960},
}

@book{Amari1985,
author = {Shun-Ichi Amari},
title = {Differential-geometrical methods in statistics},
year = {1985},
publisher = {Springer},
address = {Berlin},
masid = {1365414},
}

@incollection{Liese1987,
author = {F. Liese and I. Vajda},
title = {Convex Statistical Distances},
booktitle = {Teubner-Texte zur Mathematik},
publisher = {Teubner-Verlag},
address = {Leipzig},
volume = {95},
year = {1987},
}

@techreport{Oesterreicher2002,
author 	= {Ferdinant \"Osterreicher},
title 	= {Csisz{\'a}r f-divergences -- Basic properties},
year 	= {2002},
institution = {Institute of Mathematics, University of Salzburg},
address = {Austria},
url2 = {http://www.sbg.ac.at/mat/staff/oesterreicher/vortrag1.pdf},
}

@article{Taneja2004,
author    = {Inder Jeet Taneja and Pranesh Kumar},
title     = {Relative information of type s, {C}sisz{\'a}r's f-divergence, and information inequalities},
journal   = ISICS,
volume    = {166},
number    = {1-4},
year      = {2004},
pages     = {105-125},
ee        = {http://dx.doi.org/10.1016/j.ins.2003.11.002},
bibsource = {DBLP, http://dblp.uni-trier.de}
}

@incollection{Amari2000,
author = {S.~-I. Amari and H. Nagaoka},
title = {Methods of Information Geometry},
booktitle = ToMM,
publisher = {Oxford University Press},
volume = {191},
address = {New York},
year = {2000},
}

@inproceedings{Csiszar1972,
author = {I. Csisz\'ar},
title = {A class of measures of informativity of observation channels},
booktitle = PMH,
year = {1972},
volume = {2},
pages = {191-213},
}

@inproceedings{Csiszar1967,
author = {I. Csisz\'ar},
title = {Information-type measures of difference of probability distributions and indirect observations},
booktitle = SSMH,
booktitle2 = {Studia Sci. Math. Hungarica},
year = {1967},
volume = {2},
pages = {299-318},
}

@article{Mihoko2002,
author = {Mihoko, Minami and Eguchi, Shinto},
title = {Robust blind source separation by beta divergence},
journal = NC,
volume = {14},
number = {8},
year = {2002},
pages = {1859-1886},
doi = {10.1162/089976602760128045},
url2 = {http://dx.doi.org/10.1162/089976602760128045},
publisher = {MIT Press},
address = {Cambridge, MA, USA},
issn = {0899-7667},
}

@article{Basu1998,
author = {Ayanendranath Basu and Ian R. Harris, Nils L. Hjort and M. C. Jones},
title = {Robust and efficient estimation by minimising a density power divergence },
journal = Bm,
volume = {85},
number = {3},
year = {1998},
pages = {549-559},
doi = {10.1093/biomet/85.3.549},
url2 = {http://dx.doi.org/10.1093/biomet/85.3.549},
publisher = {Biometrika Trust},
issn = {0899-7667},
}

@article{Nielsen2009,
author = {Frank Nielsen and Richard Nock},
title = {Sided and Symmetrized {B}regman Centroids},
journal = toit,
volume = {55},
year = {2009},
pages = {2882-2904},
doi = {10.1109/TIT.2009.2018176},
masid = {4817425},
}

@inproceedings{Bertin2009,
author = {Nancy Bertin and Cedric Fevotte and Roland Badeau},
title = {A tempering approach for {Itakura-Saito} non-negative matrix factorization. With application to music transcription},
booktitle = po # " " # ICASSP,
booktitle2 = {ICASSP '09: Proceedings of the 2009 IEEE International Conference on Acoustics, Speech and Signal Processing},
year = {2009},
pages = {1545-1548},
isbn = {978-1-4244-2353-8},
doi = {10.1109/ICASSP.2009.4959891},
url2 = {http://dx.doi.org/10.1109/ICASSP.2009.4959891},
publisher = {IEEE Computer Society},
address = {Washington, DC, USA},
}

@inproceedings{Itakura1968,
author = {F. Itakura and S. Saito},
title = {Analysis synthesis telephony based upon the maximum likelihood method},
booktitle = ICA,
year = {1968},
masid = {1367990},
}

@book{Shannon1948,
author = {Shannon, Claude E.},
booktitle = {A Mathematical Theory of Communication},
publisher = {CSLI Publications},
title = {A Mathematical Theory of Communication},
year = {1948},
citeulike-article-id = {376117},
citeulike-linkout-0 = {http://cm.bell-labs.com/cm/ms/what/shannonday/paper.html},
keywords = {bibtex-import, cybernetics},
posted-at = {2005-11-02 00:24:05},
priority = {0},
url2 = {http://cm.bell-labs.com/cm/ms/what/shannonday/paper.html},
}

@book{Kapur1994,
author = {J.~N. Kapur},
title	= {Measures of Information and their Applications}, 
publisher= {Wiley-Interscience}, 
edition	= {},
address	= {Hoboken, NJ}, 
year = {1994},
}

@article{Kullback1951,
author = {Kullback, S. and Leibler, R.~A.},
title = {On information and sufficiency},
journal = AoMS,
pages = {49-86},
volume = {22},
year = {1951},
posted-at = {2007-09-03 16:53:17},
priority = {0},
citeulike-article-id = {1616444},
}

@techreport{Eguchi2001,
author 	= {S. Eguchi and Y. Kano},
title 	= {Robustifying maximum likelihood estimation},
year 	= {2001},
number = {802},
institution = {Tokyo-Institute of Statistical Mathematics},
address = {Tokyo},
}

@inproceedings{Banerjee2004,
author = {Banerjee, Arindam and Dhillon, Inderjit and Ghosh, Joydeep and Merugu, Srujana and Modha, Dharmendra S.},
title = {A generalized maximum entropy approach to {Bregman} co-clustering and matrix approximation},
booktitle = po # " 10th " # SIGKDD,
booktitle2 = {KDD '04: Proceedings of the 10th ACM SIGKDD International Conference on Knowledge Discovery and Data Mining},
year = {2004},
pages = {509-514},
doi = {10.1145/1014052.1014111},
publisher = {ACM},
address = {New York, NY, USA},
url2 = {http://doi.acm.org/10.1145/1014052.1014111},
location = {Seattle, WA, USA},
isbn = {1-58113-888-1},
}

@ARTICLE{Murata2004,
author = {Noboru Murata and Takashi Takenouchi and Takafumi Kanamori},
title = {Information geometry of {U}-{B}oost and {B}regman divergence},
journal = NC,
year = {2004},
volume = {16},
pages = {1437-1481},
}

@article{Dhillon2007,
author = {Dhillon, Inderjit S. and Tropp, Joel A.},
title = {Matrix Nearness Problems with {B}regman Divergences},
journal = SIAMJMAA,
volume = {29},
number = {4},
year = {2007},
pages = {1120-1146},
doi = {10.1137/060649021},
url2 = {http://dx.doi.org/10.1137/060649021},
publisher = {Society for Industrial and Applied Mathematics},
address = {Philadelphia, PA, USA},
issn = {0895-4798},
}

@inproceedings{Dhillon2005,
author = {Dhillon, Inderjit S. and Sra, Suvrit},
booktitle = NIPS,
title = {Generalized nonnegative matrix approximations with {B}regman divergences},
pages = {283-290},
address = {Vancouver, Canada},
month = Dec,
year = {2005},
citeulike-article-id = {3385699},
citeulike-linkout-0 = {http://citeseerx.ist.psu.edu/viewdoc/summary?doi=10.1.1.72.5975},
doi={10.1.1.72.5975},
url2 = {http://citeseerx.ist.psu.edu/viewdoc/summary?doi=10.1.1.72.5975},
posted-at = {2008-10-08 10:07:10},
priority = {2},
}

@article{Bregman1967,
author = {Bregman, L. M.},
title = {The Relaxation Method of Finding the Common Point of Convex Sets and Its Application to the Solution of Problems in Convex Programming},
journal = USSR,
pages = {200-217},
volume = {7},
year = {1967},
citeulike-article-id = {431793},
posted-at = {2008-04-24 18:37:42},
priority = {2},
}

@article{Banerjee2005,
author = {Banerjee, Arindam and Merugu, Srujana and Dhillon, Inderjit S. and Ghosh, Joydeep},
title = {Clustering with {Bregman} Divergences},
journal = JMLR,
volume = {6},
year = {2005},
issn = {1532-4435},
pages = {1705-1749},
publisher = {JMLR.org},
}

@article{Cichocki2010,
author = {Andrzej Cichocki and Shun-Ichi Amari},
title = {Families of {A}lpha- {B}eta- and {G}amma-Divergences: {F}lexible and Robust Measures of Similarities},
journal = E,
volume = {13},
pages = {134-170},
year = {2010},
}

@book{Kantorowitsch1978,
author = {I. Kantorowitsch and G. Akilow},
title	= {Funktionalanalysis in normierten R\"{a}umen}, 
publisher= {Akademie-Verlag}, 
edition	= {2nd},
address	= {Berlin}, 
year = {1978},
}

@techreport{Frigyik2008b,
author = {B. A. Frigyik and S. Srivastava and M. Gupta},
title = {An introduction to functional derivatives},
institution = {Seattle: Department of Electrical Engeneering, University of Washington},
number = {UWEETR-2008-0001},
year = {2008},
}

@book{Cichocki2009,
author	= {Andrej Cichocki and Rafael Zdunek and Anh Huy Phan and Shun-Ichi Amari},
title	= {Nonnegative {M}atrix and {T}ensor {F}actorizations: {A}pplications to {E}xploratory {M}ulti-way {D}ata {A}nalysis and {B}lind {S}ource {S}eparation}, 
publisher= {Hoboken, NJ: Wiley}, 
edition	= {},
address	= {}, 
month = Sep,
year	= {2009},
}

@inproceedings{Villmann2009i,
author = {T. Villmann and F.-M. Schleif},
title = {Functional vector quantization by neural maps},
booktitle = po # " 1rst " # WHISPERS,
booktitle2 = {Proceedings of First Workshop on Hyperspectral Image and Signal Processing: Evolution in Remote Sensing (WHISPERS 2009)},
year = {2009},
editor = {J. Chanussot},
pages = {1-4},
publisher = {IEEE Press},
isbn = {978-1-4244-4948-4},
}

@techreport{Villmann2007,
author = {T. Villmann},
title = {Sobolev Metrics for Learning of Functional Data -- Mathematical and Theoretical Aspects},
institution = {Leipzig University},
year = {2007},
volume = {1},
number = {MLR-03-2007},
address = {},
note2 = {{ISSN:1865-3960, http://www.uni-leipzig.de/$\tilde{ }$compint/mlr/mlr\_01\_2007.pdf}},
pages = {1-15},
journal	= MLR,
issn = {1865-3960},
}

@book{Ramsay2006,
author	= {J. Ramsay and B. Silverman},
title	= {Functional data analysis}, 
publisher= {Springer}, 
edition	= {2nd},
address	= {New York}, 
year	= {2006},
}

@inproceedings{Lee2005b,
author = {John A. Lee and Michel Verleysen},
title = {Generalization of the $l_p$ norm for time series and its application to self-organizing maps},
booktitle = po # WSOM,
booktitle2 = {Proc. of Workshop on Self-Organizing Maps (WSOM)},
editor = {Cottrell, M.},
pages = {733-740},
address = {Paris, Sorbonne},
year = {2005},
}

@article{Rossi2005,
author =  {Rossi, Fabrice and Delannay, Nicolas and Conan-Guez, Brieuc and Verleysen, Michel},
title =  {Representation of Functional Data in Neural Networks},
journal =  N,
year =  {2005},
month =  {March},
volume =  {64},
pages =  {183-210},
}

@ARTICLE{Mevissen1996,
author = {Heinz T. Mevissen and Martin Vingron},
title = {Quantifying the Local Reliability of a Sequence Alignment},
journal = PE,
year = {1996},
volume = {9},
number = {2},
pages = {127-132},
}

@article{Haasdonk2004,
author = {Bernard Haasdonk and Claus Bahlmann},
title = {Learning with Distance Substitution Kernels},
journal = PR,
volume = {3175},
pages = {220-227},
year = {2004},
priority = {3},
doi = {10.1007/978-3-540-28649-3_27},
posted-at = {2009-01-25 15:33:58},
citeulike-article-id = {3937786},
citeulike-linkout-0 = {http://www.springerlink.com/content/u3quyrtkcfk6e7eb},
isbn = {978-3-540-22945-2},
}

@inproceedings{Graepel1999,
author = {Graepel, Thore and Herbrich, Ralf and Bollmann-Sdorra, Peter and Obermayer, Klaus},
title = {Classification on pairwise proximity data},
booktitle = NIPS # " II",
booktitle2 = {1998 conference on Advances in neural information processing systems II},
year = {1999},
isbn = {0-262-11245-0},
pages = {438-444},
publisher = {MIT Press},
address = {Cambridge, MA, USA},
}

@phdthesis{Venna2007,
author = {J. Venna},
school = {Helsinki University of Technology},
title = {Dimensionality reduction for visual exploration of similarity structures},
year = 2007,
}

@article{Persson2004,
author = {Per-Olof Persson and Gilbert Strang},
title = {A Simple Mesh Generator in MATLAB},
journal = SIAM,
volume = {46}, 
number = {2},
month = {June},
year = {2004}, 
pages = {329-345},
}

@inproceedings{Lee2003,
author = {John Aldo Lee and C\'{e}dric Archambeau and Michel Verleysen},
title = {Locally Linear Embedding versus {I}sotop},
booktitle = po # " 11th " # ESANN,
booktitle2 = {11th European Symposium on Artificial Neural Networks (ESANN)},
year = {2003},
pages = {527-534},
editor    = {M. Verleysen},
}

@incollection{Heskes1999,
author = {Tom Heskes},
title = {Energy functions for {Self-Organizing M}aps},
booktitle = {Kohonen Maps},
publisher = {Elsevier},
address = {Amsterdam},
editor = {S. Oja and E. Kaski},
pages = {303-316},
year = {1999},
url2 = {citeseer.nj.nec.com/heskes99energy.html},
}

@article{Wismueller2011,
author = {Axel Wism{\"u}ller},
title = {Computational Intelligence in Biomedical Imaging: Multidimensional Analysis of Spatio-Temporal Patterns},
journal = CSRD,
volume = {26},
number = {1},
year = {2011}, 
pages = {15-37},
doi = {10.1007/s00450-010-0138-9},
publisher = {Springer Berlin / Heidelberg},
issn = {1865-2034},
}

@inproceedings{Wismueller2001,
author    = {A. Wism{\"u}ller},
title     = {Exploration-organized morphogenesis ({XOM}) -- a general framework for learning by self-organization},
booktitle = HaMP,
series    = FIPKM,
booktitle2= {Human and Machine Perception. Reports of the Institute for Phonetics and Speech Communication ({FIPKM})},
volume    = {37},
pages     = {205-239},
ISSN      = {0342-782{X}},
year      = {2001},
}

@inproceedings{Wismueller2009_SOM,
author    = {A. Wism{\"u}ller},
title     = {A computational framework for nonlinear dimensionality reduction and clustering},
editor    = {J. Principe and R. Miikkulainen},
booktitle = LNCS # " 5329",
series    = {Advances in Self-Organizing Maps},
booktitle2= {Lecture Notes in Computer Science 5629: Advances in Self-Organizing Maps},
year      = {2009},
publisher = {Springer},
pages     = {334-343}
}

@inproceedings{DeSilva2003,
author = {De Silva, Vin   and Tenenbaum, Joshua  B. },
title = {Global versus local methods in nonlinear dimensionality reduction},
booktitle = NIPS # " 15",
booktitle2 = {Advances in Neural Information Processing Systems 15},
citeulike-article-id = {3474654},
keywords = {computation, mathematics, theory},
pages = {705-712},
posted-at = {2009-05-05 12:51:16},
doi = {10.1.1.9.3407},
url1 = {http://citeseerx.ist.psu.edu/viewdoc/summary},
volume = {15},
year = {2003},
}

@inproceedings{Levina2004,
author	 = {E. Levina and P.~J. Bickel},
title	 = {Maximum Likelihood Estimation of Intrinsic Dimension},
booktitle= NIPS,
volume   = {17},
address  = {Cambridge, USA},
year     = {2005},
publisher= {MIT Press},
pages    = {777 - 784},
editor = {L.~K. Saul and Y. Weiss and L. Bottou},
}

@inproceedings{Rogers2007,
author	 = {Simon Rogers and Mark Girolami},
title	 = {Multi-class semisupervised learning with the e-truncated {M}ultinomial {P}robit {G}aussian {P}rocess},
year	 = {2007},
booktitle= JMLR,
booktitle2= {Journal of Machine Learning Research: Gaussian Processes in Practice},
series   = {Gaussian Processes in Practice},
volume	 = {1},
pages	 = {17 - 32},
}

@techreport{Aeberhard1992,
author 		= {S. Aeberhard and D. Coomans and O. de Vel},
title 		= {Comparison of classifiers in high dimensional settings},
institution 	= {James Cook University},
number 		= {02},
year 		= {1992},
}

@phdthesis{Wismueller2007,
author = {A. Wism{\"u}ller},
title  = {Exploratory {M}orphogenesis ({XOM}): {A} {N}ovel {C}omputational {F}ramework for {S}elf-{O}rganization},
school = {Technical University of Munich, Department of Electrical and Computer Engineering},
year   = {2006},
location = {copy},
address= {Munich, Germany},
}

@inproceedings{Wismueller2009c,
author    = {A. Wism{\"u}ller},
title     = {A computational framework for exploratory data analysis},
editor    = {M. Verleysen},
booktitle = ESANN,
year      = {2009},
address   = {Bruges, Belgium},
pages     = {547-552},
}

@inproceedings{Wismueller2009b,
author    = {A. Wism{\"u}ller},
title     = {The {E}xploration {M}achine -- A novel method for structure-preserving dimensionality reduction},
editor    = {M. Verleysen},
booktitle = ESANN,
year      = {2009},
address   = {Bruges, Belgium},
pages     = {59-64},
}

@article{Zhao2009,
author = {Zhao, Lingxiao and Zhang, Zhenyue},
title = {Supervised locally linear embedding with probability-based distance for classification},
journal = CMA,
volume = {57},
number = {6},
year = {2009},
issn = {0898-1221},
pages = {919-926},
doi = {http://dx.doi.org/10.1016/j.camwa.2008.10.055},
publisher = {Pergamon Press, Inc.},
address = {Tarrytown, NY, USA},
}

@inproceedings{Wang2006,
author    = {Heyong Wang and Jie Zheng and Zheng-an Yao and Lei Li},
title     = {Improved Locally Linear Embedding Through New Distance Computing},
booktitle = ISNN,
volume    = {3971},
booktitle2 = {ISNN (1)},
series    = LNCS,
year      = {2006},
pages     = {1326-1333},
doi       = {10.1007/11759966_197},
ee        = {http://dx.doi.org/10.1007/11759966_197},
crossref2  = {DBLP:conf/isnn/2006-1},
bibsource = {DBLP, http://dblp.uni-trier.de},
address   = {Chengdu, China},
}

@ARTICLE{Zhang2002,
author = {Zhenyue Zhang and Hongyuan Zha},
title = {Principal Manifolds and Nonlinear Dimension Reduction via Local Tangent Space Alignment},
journal = SIAMJ,
year = {2002},
volume = {26},
pages = {313-338},
}

@INPROCEEDINGS{Wismueller2009,
author = {{Wism{\"u}ller}, A.},
title = {The exploration machine: a novel method for analyzing high-dimensional data in computer-aided diagnosis},
booktitle = SPIE,
booktitle2 = {Society of Photo-Optical Instrumentation Engineers (SPIE) Conference Series},
year = {2009},
series2 = {Presented at the Society of Photo-Optical Instrumentation Engineers (SPIE) Conference},
volume = {7260},
month = Feb,
pages = {72600G-72600G-7},
doi = {10.1117/12.813892},
adsurl = {http://adsabs.harvard.edu/abs/2009SPIE.7260E..15W},
adsnote = {Provided by the SAO/NASA Astrophysics Data System},
}

@conference{Collobert2006,
author={Collobert, R. and Sinz, F. and Weston, J. and Bottou, L.},
title={Trading convexity for scalability},
booktitle = po # " 23rd " # ICML,
booktitle2={Proceedings of the 23rd international conference on Machine learning},
pages={201-208},
year={2006},
organization={ACM New York, NY, USA}
}

@conference{Vasiloglou2008,
author={Vasiloglou, N. and Gray, A.G. and Anderson, D.V.},
title={Scalable semidefinite manifold learning},
booktitle = MLSP,
booktitle2={IEEE Workshop on Machine Learning for Signal Processing, 2008. MLSP 2008},
pages={368-373},
year={2008},
}

@conference{Kulis2007,
author={Kulis, B. and Surendran, A.C. and Platt, J.C.},
title={Fast low-rank semidefinite programming for embedding and clustering},
booktitle = po # " 11th " # AISTATS,
booktitle2={Eleventh International Conference on Artifical Intelligence and Statistics, AISTATS 2007},
year={2007},
}

@article{Kontkanen2000,
author = {Kontkanen,, Petri and Lahtinen,, Jussi and Myllym\"aki,, Petri and Silander,, Tomi and Tirri,, Henry},
title = {Supervised model-based visualization of high-dimensional data},
journal = IDA,
volume = {4},
number = {3,4},
year = {2000},
issn = {1088-467X},
pages = {213-227},
publisher = {IOS Press},
address = {Amsterdam, The Netherlands, The Netherlands},
}

@article{Villmann2006,
author	={T. Villmann and B. Hammer and F.-M. Schleif and T. Geweniger and W. Hermann},
title	={Fuzzy classification by fuzzy labeled neural gas},
journal	=NN,
volume	={19},
number	={6-7},
pages	={772-779},
year 	={2006},
}

@inproceedings{Peltonen2006,
author	= {J. Peltonen and J. Goldberger and S. Kaski},
title	= {Fast Discriminative Component Analysis for Comparing Examples},
booktitle = po # " " # NIPS # " Workshop on Learning to Compare Examples",
journal2= NIPS,
year	= {2006},
comment2= {workshop on Learning to Compare Examples},
}

@inbook{Frawley1991,
author = {William J. Frawley and Gregory Piatetsky-Shapiro and Christopher J. Matheus},
title = {Knowledge Discovery in Databases: an Overview},
pages = {1-27},
address = {Cambridge},
note = {eds. G. Piatetsky-Shapiro and W. Frawley},
publisher = {AAAI / MIT Press},
year = {1991}
}

@article{Bartlett2003,
Author = {Bartlett, Peter L. and Mendelson, Shahar},
Title = {Rademacher and {Gaussian} complexities: risk bounds and structural results},
Issn = {1532-4435},
Journal = JMLR,
Pages = {463-482},
Publisher = {JMLR.org},
Volume = {3},
Year = {2003},
}

@inproceedings{Mokbel2010,
Author = {B. Mokbel and A. Gisbrecht and B. Hammer},
Title = {On the effect of clustering on quality assessment measures for dimensionality reduction},
booktitle = po # " " # NIPS # " Workshop on Challenges of Data Visualization",
Booktitle2 = NIPS # " workshop on Challenges of Data Visualization",
editor = {B. Hammer and F. Sha and L. van der Maaten and A. Smola},
Date-Added = {2011-01-14 11:21:45 +0100},
Date-Modified = {2011-01-14 11:21:45 +0100},
Year = {2010},
}

@techreport{Kohonen_1996_lvqpak,
Author = {Teuvo Kohonen and Jussi Hynninen and Jari Kangas and Jorma Laaksonen and Kari Torkkola},
Title = {{LVQ PAK}: The learning vector quantization program package},
Institution = {Helsinki University of Technology},
Journal = {Laboratory of Computer and Information Science},
Number = {A30},
Year = {1996},
Address = {FIN-02150 Espoo, Finland},
}

@article{Cottrell2006,
Author = {Marie Cottrell and Barbara Hammer and Alexander Hasenfuss and Thomas Villmann},
Title = {Batch and median neural gas},
Bibsource = {DBLP, http://dblp.uni-trier.de},
Ee = {http://dx.doi.org/10.1016/j.neunet.2006.05.018},
Journal = NN,
Number = {6-7},
Pages = {762-771},
Volume = {19},
Year = {2006},
}

@article{Moeller2004,
Author = {M\"oller,R.\ and Hoffmann, H},
Title = {An Extension of Neural Gas to Local {PCA}},
Journal = N,
Number = {305-326},
Volume = {62},
Year = {2004},
Date-Added = {2010-10-29 18:51:32 +0200},
Date-Modified = {2010-10-29 18:53:15 +0200},
}

@inproceedings{Lee2008,
Author = {John A. Lee and Michel Verleysen},
Title = {Rank-based quality assessment of nonlinear dimensionality reduction},
booktitle = po # " 16th " # ESANN,
Booktitle2 = {16th European Symposium on Artificial Neural Networks (ESANN)},
Pages = {49-54},
Year = {2008},
Address = {Bruges, Belgium},
}

@article{Bishop1998,
Author = {Christopher M. Bishop and Christopher K. I. Williams},
Title = {{GTM}: The Generative Topographic Mapping},
Journal = NC,
Pages = {215-234},
Volume = {10},
Year = {1998},
Date-Added = {2010-10-29 18:44:53 +0200},
Date-Modified = {2010-10-29 18:44:58 +0200},
}

@inproceedings{He2005,
Author = {Xiaofei He and Deng Cai and Shuicheng Yan and Hong-Jiang Zhang},
Title = {Neighborhood preserving embedding},
booktitle = po # " 10th " # ICCV,
Booktitle2 = {Computer Vision, 2005. ICCV 2005. Tenth IEEE International Conference on},
Volume = {2},
Pages = {1208 -1213},
Year = {2005},
Date-Added = {2011-07-07 14:52:53 +0200},
Date-Modified = {2011-07-07 14:53:02 +0200},
Doi = {10.1109/ICCV.2005.167},
Issn = {1550-5499},
Month = Oct,
Bdsk-Url-1 = {http://dx.doi.org/10.1109/ICCV.2005.167},
}

@article{Lee2009,
author = {Lee, John A. and Verleysen, Michel},
title = {Quality assessment of dimensionality reduction: Rank-based criteria},
comment = {http://dx.doi.org/},
doi = {10.1016/j.neucom.2008.12.017},
Issn = {0925-2312},
journal = N,
number = {7-9},
pages = {1431-1443},
Publisher = {Elsevier Science Publishers B. V.},
Volume = {72},
Year = {2009},
address = {Amsterdam, The Netherlands, The Netherlands},
Bdsk-Url-1 = {http://dx.doi.org/10.1016/j.neucom.2008.12.017},
}

@article{Vandenberghe1994,
Author = {Lieven Vandenberghe and Stephen Boyd},
Title = {Semidefinite Programming},
Journal = SIAM,
Pages = {49-95},
Volume = {38},
Year = {1994},
}

@article{Sammon1969,
author = {Sammon, J. W.},
title = {{A Nonlinear Mapping for Data Structure Analysis}},
journal = ToC,
keywords = {dissertation, mds, statistik},
number = {5},
posted-at = {2008-09-03 09:59:21},
priority = {2},
url2 = {http://ieeexplore.ieee.org/xpl/freeabs\_all.jsp?arnumber=1671271},
volume = {C-18},
year = {1969},
citeulike-article-id = {3184316},
citeulike-linkout-0 = {http://ieeexplore.ieee.org/xpl/freeabs\_all.jsp?arnumber=1671271},
issn = {0018-9340},
}

@article{Torgerson1952,
Author = {W.S. Torgerson},
Title = {Multidimensional Scaling, {I}: Theory and Method},
Journal = P,
Pages = {401-419},
Volume = {17},
Year = {1952},
Date-Added = {2010-10-29 18:15:00 +0200},
Date-Modified = {2010-10-29 18:15:00 +0200},
}

@article{Guyon2003,
Author = {I. Guyon and A. Elisseeff},
Title = {An Introduction to Variable and Feature Selection},
Journal = JMLR,
Pages = {1157-1182},
Volume = {3},
Year = {2003},
}

@article{Suykens2008,
Author = {J. A. K. Suykens},
Title = {Data Visualization and Dimensionality Reduction Using Kernel Maps With a Reference Point},
Doi = {10.1109/TNN.2008.2000807},
Issn = {1045-9227},
Journal = tNN,
Month = Sep,
Number = {9},
Pages = {1501-1517},
Volume = {19},
Year = {2008},
Bdsk-Url-1 = {http://dx.doi.org/10.1109/TNN.2008.2000807},
}

@inproceedings{VanDerMaaten2009b,
Author = {L.~J.~P. van der Maaten},
Title = {Learning a Parametric Embedding by Preserving Local Structure},
booktitle = po # " 12th " # AISTATS,
Booktitle2 = {Proceedings of the 12th International Conference on Artificial Intelligence and Statistics ({AI-STATS})},
volume = {5},
Pages = {384-391},
Publisher = {JMLR W\&CP},
Year = {2009},
}

@inproceedings{Bae2010,
Author = {Bae, Seung-Hee and Choi, Jong Youl and Qiu, Judy and Fox, Geoffrey C.},
Title = {Dimension reduction and visualization of large high-dimensional data via interpolation},
booktitle = po # " 19th " # HPDC,
Booktitle2 = {Proceedings of the 19th ACM International Symposium on High Performance Distributed Computing},
Numpages = {12},
Pages = {203-214},
Publisher = {ACM},
Series = {HPDC '10},
Year = {2010},
Acmid = {1851501},
Address = {New York, NY, USA},
Date-Added = {2011-04-19 16:30:55 +0200},
Date-Modified = {2011-04-19 16:31:17 +0200},
Doi = {http://doi.acm.org/10.1145/1851476.1851501},
Isbn = {978-1-60558-942-8},
Keywords = {GTM, MDS, interpolation},
Location = {Chicago, Illinois},
Url2 = {http://doi.acm.org/10.1145/1851476.1851501},
Bdsk-Url-1 = {http://doi.acm.org/10.1145/1851476.1851501},
}

@inproceedings{Carreira2010,
author = {Miguel {\'A}. Carreira-Perpi{\~n}\'{a}n},
title = {The Elastic Embedding Algorithm for Dimensionality Reduction},
booktitle = "27th " # ICML # " 2010",
booktitle2 = {27th Int. Conf. Machine Learning (ICML 2010)},
pages = {167-174},
year = {2010},
}

@inproceedings{Hinton2003,
author = {Geoffrey Hinton and Sam Roweis},
booktitle = NIPS # " 15",
booktitle2 = {Advances in Neural Information Processing Systems 15},
pages = {833-840},
publisher = {{MIT} Press},
title = {Stochastic Neighbor Embedding},
year = {2003},
}

@article{Weinberger2006b,
author = {K.~Q. Weinberger and L.~K. Saul},
title = {An introduction to nonlinear dimensionality reduction by maximum variance unfolding},
journal = po # " 21th " # NCAI,
journal2 = {Proceedings of the 21st National Conference on Artificial Intelligence},
year = {2006},
date-Added = {2010-10-29 18:29:51 +0200},
date-Modified = {2010-10-29 18:31:27 +0200},
}

@article{Belkin2003,
author = {M. Belkin and P. Niyogi.},
title = {Laplacian eigenmaps for dimensionality reduction and data representation},
journal = NC,
pages = {1373-15396},
volume = {15},
year = {2003},
date-Added = {2010-10-29 18:28:17 +0200},
date-Modified = {2010-10-29 18:29:13 +0200},
}

@article{Roweis2000,
author = {Roweis, Sam T. and Saul, Lawrence K.},
title = {{Nonlinear Dimensionality Reduction by Locally Linear Embedding}},
journal = S,
number = {5500},
pages = {2323-2326},
volume = {290},
year = {2000},
doi = {10.1126/science.290.5500.2323},
eprint1 = {http://www.sciencemag.org/cgi/reprint/290/5500/2323.pdf},
Url1 = {http://www.sciencemag.org/cgi/content/abstract/290/5500/2323},
Bdsk-Url-1 = {http://dx.doi.org/10.1126/science.290.5500.2323},
}

@incollection{Keim2008,
author = {Keim, Daniel A. and Mansmann, Florian and Schneidewind, J{\"{o}}rn and Thomas, Jim and Ziegler, Hartmut},
title = {Visual Analytics: Scope and Challenges},
booktitle = {Visual Data Mining: Theory, Techniques and Tools for Visual Analytics},
date-Added = {2010-10-29 18:24:58 +0200},
date-Modified = {2010-10-29 18:25:09 +0200},
editor = {Simoff, Simeon and Boehlen, Michael H. and Mazeika, Arturas},
series = LNCS,
note2 = {Lecture Notes in Computer Science (LNCS)},
publisher = {Springer},
year = {2008},
}

@techreport{VanDerMaaten2009,
author = {L.~J.~P. van der Maaten and E.~O. Postma and H.~J. van den Herik},
Title = {Dimensionality Reduction: A Comparative Review},
Comment = {Published online.},
Comment1 = {Matlab implementation, available for all methods},
Institution = {Tilburg University},
Keywords = {comparison, dimensionality-reduction, linear, nonlinear},
Month = Oct,
Number = {TiCC-TR 2009-005},
Priority = {5},
Url1 = {http://homepage.tudelft.nl/19j49/Matlab\_Toolbox\_for\_Dimensionality\_Reduction\_files/TR\_Dimensiereductie.pdf},
Year = {2009},
}

@article{Maenpaa2004,
author = {Topi M\"{a}enp\"{a}\"{a} and Matti Pietik\"{a}inen},
title = {Classification with color and texture: jointly or separately?},
journal = PR,
volume = {37},
number = {8},
pages = {1629 - 1640},
year = {2004},
issn = {0031-3203},
doi = {10.1016/j.patcog.2003.11.011},
}

@misc{vistex,
author = {VisTex},
title = {{Vision Texture Database for color textures from MIT}},
author2 = {MIT},
title13={{Database of color textures: Vision Texture (VisTex) from MIT}},
title2 = {{Vistex Database from MIT}},
url2={http://vismod.media.mit.edu/vismod/imagery/VisionTexture/vistex.html},
note={available at: http://vismod.media.mit.edu/vismod/imagery/VisionTexture/vistex.html},
year = {2002},
}

@article {Hauta1999,
author = {Hauta-Kasari, M. and Parkkinen, J. and Jaaskelainen, T. and Lenz, R.},
title = {Multi-spectral Texture Segmentation Based on the Spectral Cooccurrence Matrix},
journal = PAaA,
publisher = {Springer London},
issn = {1433-7541},
pages = {275-284},
volume = {2},
issue = {4},
year = {1999},
}

@article{Paschos2000,
author = {George Paschos},
title = {Fast color texture recognition using chromaticity moments},
journal = PRL,
volume = {21},
number = {9},
pages = {837 - 841},
year = {2000},
issn = {0167-8655},
doi = {10.1016/S0167-8655(00)00043-X},
url2 = {http://www.sciencedirect.com/science/article/B6V15-40SFGHV-5/2/affdcfd3066b1a2e03e523206e1a9230},
}

@article{Messer1999,
author = {K Messer and J Kittler},
title = {A region-based image database system using colour and texture},
journal = PRL,
volume = {20},
number = {11-13},
pages = {1323 - 1330},
year = {1999},
issn = {0167-8655},
doi = {10.1016/S0167-8655(99)00101-4},
}

@article{Han2007,
author = {Ju Han and Kai-Kuang Ma},
title = {Rotation-invariant and scale-invariant {Gabor} features for texture image retrieval},
journal = IaVC,
volume = {25},
number = {9},
pages = {1474 - 1481},
year = {2007},
issn = {0262-8856},
doi = {10.1016/j.imavis.2006.12.015},
}

@article{Hoang2005,
author = {Minh A. Hoang and Jan-Mark Geusebroek and Arnold W.M. Smeulders},
title = {Color texture measurement and segmentation},
journal = SP,
volume = {85},
number = {2},
pages = {265 - 275},
year = {2005},
note2 = {SI on Content Based Image and Video Retrieval},
issn = {0165-1684},
doi = {10.1016/j.sigpro.2004.10.009},
url2 = {http://www.sciencedirect.com/science/article/B6V18-4DPR202-2/2/a171def76b9916adb541316c560d396f},
}

@article{Drimbarean2001,
author = {A. Drimbarean and P. F. Whelan},
title = {Experiments in colour texture analysis},
journal = PRL,
volume = {22},
number = {10},
pages = {1161 - 1167},
year = {2001},
issn = {0167-8655},
doi = {10.1016/S0167-8655(01)00058-7},
}

@article{Jain1998, 
author={Jain, A. and Healey, G.}, 
journal=IEETIO, 
title={A multiscale representation including opponent color features for texture recognition}, 
year={1998}, 
month=Jan, 
volume={7}, 
number={1}, 
pages={124 -128}, 
doi={10.1109/83.650858}, 
ISSN={1057-7149},
}

@article{Palm2004,
author = {Christoph Palm},
title = {Color texture classification by integrative Co-occurrence matrices},
journal = PR,
volume = {37},
number = {5},
pages = {965 - 976},
year = {2004},
issn = {0031-3203},
doi = {10.1016/j.patcog.2003.09.010},
}

@article{Wang1998,
author = {Wang, Jing-Wein and Chen, Chin-Hsing and Chien, Wei-Ming and Tsai, Chih-Ming},
title = {Texture classification using non-separable two-dimensional wavelets},
journal = PRL,
volume = {19},
issue = {13},
month = Nov,
year = {1998},
issn = {0167-8655},
pages = {1225-1234},
numpages = {10},
doi = {10.1016/S0167-8655(98)00105-6},
acmid = {305554},
publisher = {Elsevier Science Inc.},
address = {New York, NY, USA},
}

@article{Grigorescu2002, 
author={Grigorescu, S.E. and Petkov, N. and Kruizinga, P.}, 
title={Comparison of texture features based on {Gabor} filters}, 
journal=IEETIO, 
year={2002}, 
month=Oct, 
volume={11}, 
number={10}, 
pages={1160-1167}, 
doi={10.1109/TIP.2002.804262}, 
ISSN={1057-7149},
}

@article{Manjunath1996, 
author={Manjunath, B.S. and Ma, W.Y.}, 
journal=tpami, 
title={Texture features for browsing and retrieval of image data}, 
year={1996}, 
month=Aug, 
volume={18}, 
number={8}, 
pages={837 -842}, 
doi={10.1109/34.531803}, 
ISSN={0162-8828},
}

@incollection {Kruizinga1995,
author = {Kruizinga, P. and Petkov, N.},
title = {A computational model of periodic-pattern-selective cells},
booktitle = NANC,
series = LNCS,
editor = {Mira, Jos\'{e} and Sandoval, Francisco},
publisher = {Springer Berlin, Heidelberg},
pages = {90-99},
volume = {930},
doi = {10.1007/3-540-59497-3_161},
year = {1995},
}

@article{Jain1991,
author = {Anil K. Jain and Farshid Farrokhnia},
title = {Unsupervised texture segmentation using {Gabor} filters},
journal = PR,
volume = {24},
number = {12},
pages = {1167 - 1186},
year = {1991},
issn = {0031-3203},
doi = {10.1016/0031-3203(91)90143-S},
}

@article{Fogel1989,
author = {Fogel, I. and Sagi, D.},
title = {{Gabor} filters as texture discriminator},
journal = BC,
volume = {61},
number = {2},
year = {1989},
month = Jun,
pages = {103--113},
posted-at = {2008-09-21 19:11:12},
priority = {1},
doi = {10.1007/BF00204594},
url2 = {http://dx.doi.org/10.1007/BF00204594},
}

@article {Turner1986,
author = {Turner, M. R.},
title = {Texture discrimination by {Gabor} functions},
journal = BC,
publisher = {Springer Berlin / Heidelberg},
issn = {0340-1200},
keyword = {Computer Science},
pages = {71-82},
volume = {55},
issue = {2},
url2 = {http://dx.doi.org/10.1007/BF00341922},
note2 = {10.1007/BF00341922},
year = {1986},
}

@article{Ojala2002,
author = {Timo Ojala and Matti Pietik\"{a}inen and Topi M\"{a}enp\"{a}\"{a}},
title = {Multiresolution Gray-Scale and Rotation Invariant Texture Classification with Local Binary Patterns},
journal =tpami,
volume = {24},
issn = {0162-8828},
year = {2002},
pages = {971-987},
doi = {10.1109/TPAMI.2002.1017623},
publisher = {IEEE Computer Society},
address = {Los Alamitos, CA, USA},
}

@article{Pietikainen2000,
author = {M. Pietik\"{a}inen and T. Ojala and Z. Xu},
title = {Rotation-invariant texture classification using feature distributions},
journal = PR,
volume = {33},
number = {1},
pages = {43 - 52},
year = {2000},
issn = {0031-3203},
doi = {10.1016/S0031-3203(99)00032-1},
url2 = {http://www.sciencedirect.com/science/article/B6V14-40CK1NW-4/2/1cd51d6725d5da7a966a8f64793fa3d9},
}

@article{Wang1999,
author = {Lei Wang and Jun Liu},
title = {Texture classification using multiresolution Markov random field models},
journal = PRL,
volume = {20},
number = {2},
pages = {171-182},
year = {1999},
issn = {0167-8655},
doi = {10.1016/S0167-8655(98)00129-9},
}

@article{Haralick1973, 
author={Haralick, Robert M. and Shanmugam, K. and Dinstein, Its'Hak}, 
journal=tsmc, 
title={Textural Features for Image Classification}, 
year={1973}, 
volume={3}, 
number={6}, 
pages={610 -621}, 
doi={10.1109/TSMC.1973.4309314}, 
ISSN={0018-9472},
}

@article{Teh2003,
author 	 = {Y. Teh and S. Roweis},
title 	 = {Automatic alignment of local representations},
journal	 = NIPS,
volume	 = {15},
pages	 = {841-848},
publisher= {MIT Press},
addres	 = {Cambridge, MA},
year 	 = {2003},
url2 	 = {citeseer.ist.psu.edu/teh02automatic.html},
}

@techreport{Skarbek1994,
author = {Wladyslaw Skarbek and Andreas Koschan},
title = {Colour Image Segmentation -- A Survey},
institution = {Technical University of Berlin, Department of Computer Science},
number = {32},
month = Oct,
year = {1994},
url2 = {citeseer.ist.psu.edu/skarbek94colour.html} 
}

@inproceedings{Bosman2010,
author= {Hedde H.~W.~J. Bosman and Nicolai Petkov and Marcel F. Jonkman},
title	= {Comparison of Color Representations for Content Based Image Retrieval in Dermatology},
journal2 = SRT,
booktitle= SRT,
volume = {16},
pages = {109-113},
doi = {10.1111/j.1600-0846.2009.00405.x},
year	= {2010},
}

@article{Umbaugh1992,
author = {S. E. Umbaugh and R. H. Moss and W. V. Stoecker},
title  = {An automatic color segmentation algorithm with application to identiﬁcation of skin lesion borders},
journal= CMIG,
volume = {16},
pages  = {227-235},
year   = {1992},
}

@inproceedings{Cheng2008,
author	 = {Y. Cheng and R. Swamisai and S. E. Umbaugh and R. H. Moss and W. V. Stoecker, W.V. and S. Teegala and S. K. Srinivasan},
title    = {Skin lesion classiﬁcation using relative color features},
booktitle= SRT,
volume	 = {14},
pages	 = {53-64},
year	 = {2008},
}

@article{Hoffmann2003,
author= {K. Hoffmann and T. Gambichler and A. Rick},
title = {Diagnostic and neural analysis of skin cancer ({DANAOS}). {A} multicentre study for collection and computer-aided analysis of data from pigmented skin lesions using digital dermoscopy},
journal= BJD,
volume= {149},
number= {4},
pages = {801-809},
year  = {2003},
}

@article{Blum2004,
author         = {A. Blum and H. Luedtke and U. Ellwanger R. Schwabe and G. Rassner and C. Garbe},
title          = {Digital image analysis for diagnosis of cutaneous melanoma. {D}evelopment of a highly effective computer algorithm based on analysis of 837 melanocytic lesions},
journal        = BJD,
volume         = {151},
number         = {5},
pages          = {1029-1038},
year           = {2004},
}

@article{Voigt2002,
author         = {H. Voigt and R. Classen},
title          = {Computer vision and digital imaging technology in melanoma detection},
journal        = SO,
volume         = {29},
number         = {4},
pages          = {308-327},
month          = Aug,
year           = {2002}
}

@article{Schmid-Saugeona2003,
author        = {Philippe Schmid-Saugeona and Jo\"el Guillodb and Jean-Philippe Thirana},
title         = {Towards a computer-aided diagnosis system for pigmented skin lesions.},
journal       = CMIG,
volume        = {27},
number        = {1},
pages         = {65-78},
month         = Feb,
year          = {2003},
}

@article{Kakumanu2007,
author	= {P. Kakumanu and S. Makrogiannis and N. Bourbakis},
title	= {A survey of skin-color modeling and detection methods},
journal	= PR,
volume	= {40},
pages	= {1106-1122},
year	= {2007},
}

@inproceedings{Sobottka1996,
author         = {K. Sobottka and I. Pitas},
title          = {Segmentation and tracking of faces in color images},
booktitle      = po # " 2nd " # ICAFGR,
bookTitle2      = {Proc. of the Second Int. Conference on Automatic Face and Gesture Recognition},
pages          = {236-241},
address        = {Killington, Vermont},
year           = {1996},
}

@inproceedings{Kjeldsen1996,
author         = {R. Kjeldsen and J. Kender},
title          = {Finding skin in color images},
booktitle      = po # " 2nd " # ICAFGR,
bookTitle2     = {Proc. of the Second Int. Conference on Automatic Face and Gesture Recognition},
pages          = {312-317},
address        = {Killington, Vermont},
year           = {1996},
}

@inproceedings{Shin2002,
author	= {Min C. Shin and Kyong I. Chang and Leonid V. Tsap},
title	= {Does Colorspace Transformation Make Any Difference on Skin Detection?},
booktitle= po # " 6th " # WACV,
booktitle2= {WACV '02: Proc. of the Sixth IEEE Workshop on Applications of Computer Vision},
year	= {2002},
pages	= {275-279},
publisher= {IEEE Computer Society},
address	= {Washington, DC, USA},
isbn	= {0-7695-1858-3},
}

@article{Takiwaki1998,
author	= {Hirotsugu Takiwaki},
title 	= {Measurement of skin color: Practical Application and theoretical considerations},
journal	= JMedicalI,
volume	= {44},
number = {3-4},
year	= {1998},
pages = {121-126},
}

@article{Felice2002,
author	= {Claudio De Felice and Maria Laura Flori and Michele Pellegrino and Paolo Toti and Elisabetta Stanghellini and Antonietta Molinu and Piero Tosi and Franco Bagnoli},
title	= {Predictive Value of Skin Color for Illness Severity in the High-Risk Newborn},
journal	= Pediatric,
volume	= {51},
number	= {1},
year	= {2002},
pages = {100-105},
}

@book{Bolognia2007,
author = {Jean L. Bolognia and Joseph L. Jorizzo and Ronald P. Rapini},
editor = {},
title = {Dermatology},
publisher = {Mosby},
year = {2007},
edition = {2nd},
}

@inproceedings{Chai2000,
author 	 = {D. Chai and A. Bouzerdoum},
title 	 = {A Bayesian approach to skin color classification in {YCbCr} color space},
booktitle= po # " " # TENCON,
booktitle2= {Proceedings IEEE Region Ten Conference (TENCON'2000)},
volume	 = {2},
pages 	 = {421-424},
year 	 = {2000}
}

@inproceedings{Vezhnevets2003,
author	= {Vladimir Vezhnevets and Vassili Sazonov and Alla Andreeva},
title	= {A Survey on Pixel-Based Skin Color Detection Techniques},
booktitle= po # " 13th " # CGV,
BookTitle2= {Graphicon2003, 13th Int. Conference on Computer Graphics and Vision},
month	= Sep,
year	= {2003},
pages = {85-92},
}

@inproceedings{Zarit1999,
author   = {B. D. Zarit and B. J. Super and F. K. H. Andquek},
title    = {Comparison of five color models in skin pixel classiﬁcation},
bookTitle= wRAT,
pages    = {58-63},
year     = {1999},
}

@inproceedings{Phung2002,
author    = {S. L. Phung and A. Bouzerdoum and D. Andchai},
title     = {A novel skin color model in {YCbCr} color space and its application to human face detection},
bookTitle = IEEIP,
volume    = {1},
pages     = {289-292},
year      = {2002},
}

@inproceedings{Terrillon2000,
author = {Jean-Christophe Terrillon and Shigeru Akamatsu},
title = {Comparative Performance of Different Chrominance Spaces for Color Segmentation and Detection of Human Faces in Complex Scene Images},
booktitle = po # " 12th " # VI #" (VI'99)",
booktitle2 = {Proc. of the 12th Conf. on Vision Interface (VI '99},
year = {2000},
pages = {180-187},
address = {Trois-Rivi\`{e}res, Canada},
}

@inproceedings{Pass1996,
author   = {Greg Pass and Ramin Zabih and Justin Miller},
title    = {Comparing Images Using Color Coherence Vectors},
booktitle= po # " " # ACMM # " 96",
booktitl = {Proc. ACM Multimedia 96},
pages    = {65-73},
month    = Nov,
year     = {1996},
address  = {Boston, MA},
}

@incollection{Jau-Ling2002,
author = {Jau-Ling, Shih and Ling-Hwei, Chen},
title = {{Color Image Retrieval Based on Primitives of Color Moments}},
booktitle = RAiVIS,
volume = {2314},
pages = {19-27},
year = {2002},
series = LNCS,
editor = {Chang, Shi-Kuo and Chen, Zen and Lee, Suh-Yin},
publisher = {Springer Berlin / Heidelberg},
affiliation = {National Chiao Tung University Department of Computer and Information Science 1001 Ta Hsueh Rd. 30050 Hsinchu Taiwan R.O.C.},
doi = {10.1007/3-540-45925-1\_8},
posted-at = {2009-05-21 17:56:43},
priority = {2},
citeulike-article-id = {4571216},
citeulike-linkout-0 = {http://dx.doi.org/10.1007/3-540-45925-1\_8},
citeulike-linkout-1 = {http://www.springerlink.com/content/0fad6q50ktwmy2hh},
url2 = {http://dx.doi.org/10.1007/3-540-45925-1\_8},
}

@article{Jain1996,
author = {Anil K. Jain and Aditya Vailaya},
title  = {Image Retrieval using Color and Shape},
journal= PR,
year   = {1996},
volume = {29},
number = {8},
pages  = {1233-1244}
}

@article{Torres2009,
author = {Torres, Ricardo da S. and Falc\~{a}o, Alexandre X. and Gon\c{c}alves, Marcos A. and Papa, Jo\~{a}o P. and Zhang, Baoping and Fan, Weiguo and Fox, Edward A.},
author2 = {Ricardo da S. Torres and Alexandre X. Falc\~{a}o and Marcos A. Gon\c{c}alves and Jo\~{a}o P. Papa and Baoping Zhang and Weiguo Fan and Edward A. Fox},
title = {A genetic programming framework for content-based image retrieval},
journal = PR,
volume = {42},
number = {2},
year = {2009},
pages = {283-292},
issn = {0031-3203},
month = Feb,
doi = {10.1016/j.patcog.2008.04.010},
publisher = {Elsevier Science Inc.},
address = {New York, NY, USA},
}

@article{Giacinto2004,
author  = {Giorgio Giacinto and Fabio Roli},
title   = {Bayesian relevance feedback for content-based image retrieval},
journal = PR,
volume  = {37},
number  = {7},
year    = {2004},
pages   = {1499-1508},
month   = Jul,
doi     = {doi:10.1016/j.patcog.2004.01.005},
}

@article{Min2009,
author = {Rui Min and H.~D. Cheng},
title = {Effective image retrieval using dominant color descriptor and fuzzy support vector machine},
journal = PR,
volume = {42},
number = {1},
year = {2009},
month = Jan,
issn = {0031-3203},
pages = {147-157},
doi = {10.1016/j.patcog.2008.07.001},
publisher = {Elsevier Science Inc.},
address = {New York, NY, USA},
}

@inproceedings{Datta2005,
author 	 = {Ritendra Datta and Jia Li and James Z. Wang},
title 	 = {Content-based image retrieval: approaches and trends of the new age},
booktitle= po # " the 7th " # ACMIWMIR,
booktitle2= {Proc. 7th ACM SIGMM International Workshop on Multimedia Information Retrieval},
pages 	 = {253-262},
year 	 = {2005},
publisher= {ACM Press},
}

@inproceedings{Lehmann2004,
author 	= {T. Lehmann and M. G\"uld and C. Thies and B. Fischer and K. Spitzer and D. Keysers and H. Ney and M. Kohnen and H. Schubert and B. Wein},
title 	= {Content-based image retrieval in medical applications},
booktitle= MoIM,
volume	= {43(4)},
number2  = {4},
pages 	= {354-361},
year 	= {2004},
}

@inproceedings{Mueller2004,
author 	= {H. M\"uller and N. Michoux and D. Bandon and A. Geissbuhler},
title 	= {A review of content-based image retrieval systems in medical applications -- clinical benefits and future directions},
booktitle= JMI,
volume  = {73},
pages 	= {1-23},
year 	= {2004},
}

@inproceedings{Smeulders2000,
author 	= {A. Smeulders and M. Worring and S. Santini and A. Gupta and R. Jain},
title 	= {Content-based image retrieval at the end of the early years},
booktitle= tpami,
volume	= {22(12)},
number2  = {12},
pages 	= {1349-1380},
year 	= {2000},
}

@article{Villmann2003e,
author 	= {Villmann, T. and Merenyi, E. and Hammer, B.},
title	= {Neural maps in remote sensing image analysis},
journal	= NN,
volume	= {16},
number 	= {3-4},
pages	= {389-403}, 
year 	= {2003},
}

@article{Lee2005,
author 	= {Lee, E. K. and Cook, D. and Klinke, S. and Lumley, T.},
title	= {Projection Pursuit for Exploratory Supervised Classification},
journal	= CGS,
volume	= {14},
number 	= {4},
pages	= {831-846}, 
year 	= {2005},
}

@article{Eisen1998,
author 	= {Eisen, M. B. and Spellman, P. T. and Brown, P. O. and Botstein, D.},
title	= {Cluster analysis and display of genome-wide expression patterns},
journal	= po # " " # NAS,
volume	= {95},
number = {25},
pages	= {14863-14868}, 
year 	= {1998},
month = Dec,
doi = {10.1073/pnas.95.25.14863},
citeulike = {141840},
}

@article{Zhang2004,
author 	= {Zhang, L. and Zhang, A. and Ramanathan, M.},
title	= {VizStruct: exploratory visualization for gene expression profiling},
journal	= B,
volume	= {20},
pages	= {85-92}, 
year 	= {2004},
}

@article{Ewing2001,
author 	= {Ewing, R. M. and Cherry, J. M.},
title	= {Visualization of expression clusters using Sammon's non-linear mapping},
journal	= B,
volume	= {17},
pages	= {658-659}, 
year 	= {2001},
}

@article{Scherf2000,
author 	= {Scherf, U. and D.~T. Ross and M. Waltham and others},
title	= {A Gene Expression Database for the Molecular Pharmacology of Cancer},
journal	= NG,
volume	= {24},
pages	= {236-244}, 
year 	= {2000},
}

@article{Khan2001,
author 	= {J. Khan and J.~S. Wei and M. Ringn\'{e}r and L.~H. Saal and M. Ladanyi and F. Westermann and F. Berthold and M. Schwab and C.~R. Antonescu and C. Peterson and P.~S. Meltzer},
title	= {Classification and diagnostic prediction of cancers using gene expression profiling and artificial neural networks},
journal	= NM,
volume	= {7},
pages	= {673-679}, 
year 	= {2001},
}

@article{Faith2006,
author 	 = {Faith, J. and Mintram, R. and Angelova, M.},
title	 = {Targeted Projection Pursuit for Visualising Gene Expression Data Classifications},
journal	 = B,
volume	 = {22},
pages	 = {2667-2673}, 
publisher= {Oxford University Press},
year 	 = {2006},
}

@inproceedings{Xiaofei2003,
author = {Xiaofei He and Partha Niyogi},
title = {Locality Preserving Projections},
booktitle = NIPS # " 16",
year = {2003},
publisher = {MIT Press}
}

@book{Fukunaga1990,
author = {Keinosuke Fukunaga},
title = {Introduction to Statistical Pattern Recognition},
series = {Computer Science and Scientific Computing Series},
edition = {2nd},
publisher = {{Academic Press}},
year = {1990},
priority = {2},
citeulike-article-id = {1606649},
howpublished = {Hardcover},
isbn = {0122698517},
month = Sep,
posted-at = {2009-05-29 01:42:36},
abstract = {{This completely revised second edition presents an introduction to statistical pattern recognition.  Pattern recognition in general covers a wide range of problems: it is applied to engineering problems, such as character readers and wave form analysis as well as to brain modeling in biology and psychology.  Statistical decision and estimation, which are the main subjects of this book, are regarded as fundamental to the study of pattern recognition.  This book is appropriate as a text for introductory courses in pattern recognition and as a reference book for workers in the field.  Each chapter contains computer projects as well as exercises.}},
}

@article{Fisher1936,
author = {Ronald Aylmer Fisher},
title  = {The Use of Multiple Measurements in Taxonomic Problems}, 
journal= AoE,
year   = {1936},
volume = {7},
pages  = {179-188},
}

@article{Bensmail1996,
author	= {Bensmail, H. and Celeux, G.},
title	= {Regularized gaussian discriminant analysis through eigenvalue decomposition},
journal	= JASA,
volume	= {91},
pages	= {1743-1748}, 
year	= {1996}
}

@article{Friedmann1989,
author	= {Friedman, J.~H.},
title	= {Regularized gaussian discriminant analysis},
journal	= JASA,
volume	= {84},
pages	= {165-175}, 
year	= {1989}
}

@article{VanderMaaten2008,
author = {van der Maaten, Laurens and Hinton, Geoffrey},
citeulike-article-id = {3749741},
journal = JMLR,
month = Nov,
pages = {2579-2605},
priority = {2},
title = {Visualizing Data using {t-SNE}},
volume = {9},
year = {2008},
url2 = {http://www.jmlr.org/papers/volume9/vandermaaten08a/vandermaaten08a.pdf},
posted-at = {2008-12-05 09:58:18},
}

@misc{uci,
author = 	{A. Asuncion and D.~J. Newman and S. Hettich and C.~L. Blake and C.~J. Merz},
title = 	{{UCI} Repository of machine learning databases},
howpublished =	{http://archive.ics.uci.edu/ml/},
howpublished3 =	{\texttt{http://archive.ics.uci.edu/ml/}},
howpublished2 = {, last visit 19.06.2009},
publisher = 	{University of California, Department of Information and Computer Science},
year = 		{1998}
}

@inproceedings{Brand2002,
author = {Matthew Brand},
title = {Charting a Manifold},
booktitle = NIPS,
year = {2002},
pages = {961-968},
masid = {2185723}
}

@inproceedings{Song2008,
Author = {Le Song and Alex J. Smola and Karsten M. Borgwardt and Arthur Gretton},
Title = {Colored Maximum Variance Unfolding},
Booktitle = NIPS,
Year = {2008},
Editor = {John C. Platt and Daphne Koller and Yoram Singer and Sam T. Roweis},
Publisher = {MIT Press},
Address = {Cambridge, MA},
Url2 = {http://books.nips.cc/papers/files/nips20/NIPS2007_0492.pdf},
}

@incollection{Memisevic2005,
Author = {Roland Memisevic and Geoffrey Hinton},
Booktitle = NIPS # " 17",
Editor = {Lawrence K. Saul and Yair Weiss and {L\'{e}on} Bottou},
Title = {Multiple Relational Embedding},
Pages = {913-920},
Year = {2005},
Publisher = {MIT Press},
Address = {Cambridge, MA},
}


@article{Iwata2007,
Author = {Tomoharu Iwata and Kazumi Saito and Naonori Ueda and Sean Stromsten and Thomas L. Griffiths and Joshua B. Tenenbaum},
Journal = NC,
Volume = {19},
Number = {9},
Pages = {2536-2556},
Title = {Parametric embedding for class visualization},
Year = {2007},
Url2 = {http://web.mit.edu/cocosci/Papers/pe060912.pdf},
Bdsk-Url-1 = {http://web.mit.edu/cocosci/Papers/pe060912.pdf},
}

@article{Tenenbaum2000,
author = {Tenenbaum, Joshua B. and Silva, Vin de and Langford, John C.},
title = {A Global Geometric Framework for Nonlinear Dimensionality Reduction},
journal = S,
volume = {290},
number = {5500},
pages = {2319-2323},
year = {2000},
doi = {10.1126/science.290.5500.2319},
URL2 = {http://www.sciencemag.org/cgi/content/abstract/290/5500/2319},
eprint2 = {http://www.sciencemag.org/cgi/reprint/290/5500/2319.pdf},
}

@article{Geng2005,
Author = {Xin Geng and De-Chuan Zhan and Zhi-Hua Zhou},
Journal = tsmc # " Part B",
Number = {6},
Pages = {1098-1107},
Title = {Supervised nonlinear dimensionality reduction for visualization and classification},
Volume = {35},
Year = {2005},
}

@article{Venna2010,
Author = {J. Venna and J. Peltonen and K. Nybo and H. Aidos and S. Kaski},
Journal = JMLR,
Pages = {451-490},
Title = {Information Retrieval Perspective to Nonlinear Dimensionality Reduction for Data Visualization},
Volume = {11},
Year = {2010},
}

@article{Bunte2010_secure,
Author = {K. Bunte and B. Hammer and A. Wism{\"u}ller and M. Biehl},
Title	= {Adaptive Local Dissimilarity measures for Discriminative Dimension Reduction of Labeled Data},
journal = N,
volume = {73},
number = {7-9},
pages	= {1074-1092},
year 	= {2010},
doi = {http://dx.doi.org/10.1016/j.neucom.2009.11.017},
note2 = {Advances in Computational Intelligence and Learning - 17th European Symposium on Artificial Neural Networks 2009},
}

@article{Kaski2001,
Author = {Samuel Kaski and Janne Sinkkonen and Jaakko Peltonen},
Title = {Bankruptcy analysis with self-organizing maps in learning metrics},
Journal = tNN,
Pages = {936-947},
Volume = {12},
Year = {2001},
}

@article{Peltonen2004,
Author = {Jaakko Peltonen and Arto Klami and Samuel Kaski},
Journal = NN,
Pages = {1087-1100},
Title = {Improved Learning of {R}iemannian Metrics for Exploratory Analysis},
Volume = {17},
Year = {2004}
}

@article{Ma2007,
Author = {Ma, B. and Qu, H. and Wong, H.},
Journal = PR,
Number = {1},
Pages = {324-327},
Title = {Kernel clustering-based discriminant analysis},
Volume = {40},
Year = {2007},
}

@article{Baudat2000,
Author = {G. Baudat and F. Anouar},
Journal = NC,
Pages = {2385-2404},
Title = {Generalized discriminant analysis using a kernel approach},
Volume = {12},
number	= {10},
Year = {2000},
}

@ARTICLE{Sugiyama2007,
author = {Masashi Sugiyama and Sam Roweis},
title = {Dimensionality reduction of multimodal labeled data by local {F}isher discriminant analysis},
journal = JMLR,
year = {2007},
volume = {8},
pages = {1027-1061},
}

@article{Weinberger2006,
author 	= {Weinberger, K.~Q. and Blitzer, J. and Saul, L.~K.},
title	= {Distance Metric Learning for Large Margin Nearest Neighbor Classification},
journal	= NIPS,
volume	= {18},
pages	= {1473-1480}, 
editor	= {MIT Press},
address	= {Cambridge, MA},
year 	= {2006},
}

@ARTICLE{Kietzmann2008,
author = {Tim C. Kietzmann and Sascha Lange and Martin Riedmiller},
title = {Incremental {GRLVQ}: Learning relevant features for 3{D} object recognition},
journal = N,
volume = {71},
number = {13-15},
year = {2008},
pages = {2868-2879}
}

@INPROCEEDINGS{Mendenhall2006,
author = {Michael J. Mendenhall and Erzs\'{e}bet Mer\'{e}nyi},
title = {Generalized relevance learning vector quantization for classification driven feature extraction from hyperspectral data},
booktitle = po # " " # asprs,
booktitle2 = {in Proc. ASPRS 2006 Annual Conference and Technology Exhibition},
year = {2006},
pages = {8}
}

@techreport{Hammer2005b,
author = {B. Hammer and F.-M. Schleif and T. Villmann},
title = {On the generalization ability of prototype basssed classifiers with local relevance determination},
institution = {Clausthal University of Technology},
year = {2005},
type = {},
number = {IfI-05-14},
address = {},
month = {},
key = {},
pages = {},
volume = {},
}

@article{Hammer2005a,
author = {Barbara Hammer and Marc Strickert and Thomas Villmann},
title = {On the Generalization Ability of {GRLVQ} networks},
journal = NPL,
year = {2005},
volume = {21},
number = {2},
pages = {109-120},
}

@inproceedings{Goldberger2004,
author = {Goldberger, Jacob and Roweis, Sam and Hinton, Geoff and Salakhutdinov, Ruslan},
booktitle = NIPS,
title = {{Neighborhood Component Analysis}},
year = {2004},
masid = {1811700},
citeulike-article-id = {2553421},
citeulike-linkout-0 = {http://www.cs.utoronto.ca/\~{}roweis/papers/ncanips.pdf},
keywords = {goldberger04},
posted-at = {2009-06-18 00:04:27},
priority = {0},
url2 = {http://www.cs.utoronto.ca/\~{}roweis/papers/ncanips.pdf},
}

@article{Schneider2009b,
author = {Petra Schneider and Michael Biehl and Barbara Hammer},
title = {Adaptive relevance matrices in learning vector quantization},
journal = NC,
year = {2009},
volume = {21},
number = {12},
pages = {3532-3561},
}

@ARTICLE{Schneider2009a,
author = {Petra Schneider and Michael Biehl and Barbara Hammer},
title = {Distance learning in discriminative vector quantization},
journal = NC,
year = {2009},
volume = {21},
number = {10},
pages = {2942-2969},
}

@ARTICLE{Hammer2002,
author = {Barbara Hammer and Thomas Villmann},
title = {Generalized Relevance Learning Vector Quantization},
journal = NN,
year = {2002},
volume = {15},
number = {8-9},
pages = {1059-1068},
}

@INPROCEEDINGS{Bojer2001,
AUTHOR = {Thorsten Bojer and Barbara Hammer and Daniel Schunk and Katharina Tluk von Toschanowitz},
TITLE = {Relevance determination in Learning Vector Quantization},
booktitle = po # " 9th " # esann,
PAGES = {271-276},
YEAR = {2001},
address = {Bruges, Belgium},
month = Apr,
editor	= {M. Verleysen},
}

@article{Villmann2011,
author = {Thomas Villmann and Sven Haase},
title = {Divergence Based Vector Quantization Using {F}r\'{e}chet-Derivatives},
journal = NC,
volume = {23},
number = {5},
month = {},
year = {2011},
issn = {},
pages = {1343-1392},
url2 = {},
doi = {},
publisher = {},
address = {},
note = {accepted for publication},
} 

@article{Mwebaze2011,
author = {E. Mwebaze and P. Schneider and F.-M. Schleif and J.R. Aduwo and J.A. Quinn and S. Haase and T. Villmann and M. Biehl},
title = {Divergence based classification in Learning Vector Quantization},
journal = N,
volume = {74},
number = {9},
month = Apr,
year = {2011},
issn = {0925-2312},
pages = {1429-1435},
numpages = {7},
url2 = {http://dx.doi.org/10.1016/j.neucom.2010.10.016},
doi = {http://dx.doi.org/10.1016/j.neucom.2010.10.016},
acmid = {1963830},
publisher = {Elsevier Science Publishers B. V.},
address = {Amsterdam, The Netherlands},
} 

@article{Hammer2005,
author = {Hammer, Barbara and Strickert, Marc and Villmann, Thomas},
title = {Supervised Neural Gas with General Similarity Measure},
journal = NPL,
volume = {21},
number = {1},
month = Feb,
year = {2005},
issn = {1370-4621},
pages = {21-44},
numpages = {24},
url2 = {http://portal.acm.org/citation.cfm?id=1044318.1044333},
doi = {10.1007/s11063-004-3255-2},
publisher = {Kluwer Academic Publishers},
address = {Hingham, MA, USA},
} 

@inbook{Kohonen2002,
author = {Teuvo K. Kohonen},
chapter = {Learning vector quantization},
title = {The handbook of brain theory and neural networks},
year = {2002},
pages = {631-635},
publisher = {MIT press},
address = {Cambridge, MA},
editor = {Michael A. Arbib},
}

@article{Biehl2007,
author = {Biehl, Michael and Ghosh, Anarta and Hammer, Barbara},
title = {Dynamics and Generalization Ability of {LVQ} Algorithms},
journal = JMLR,
volume = {8},
month = May,
year = {2007},
issn = {1532-4435},
pages = {323-360},
numpages = {38},
url2 = {http://portal.acm.org/citation.cfm?id=1248659.1248672},
publisher = {JMLR.org},
} 


@article{Gosh2006,
author    = {Anarta Ghosh and Michael Biehl and Barbara Hammer},
title     = {Performance analysis of LVQ algorithms: A statistical physics approach},
journal   = NN,
volume    = {19},
number    = {6-7},
year      = {2006},
pages     = {817-829},
ee        = {http://dx.doi.org/10.1016/j.neunet.2006.05.010},
bibsource = {DBLP, http://dblp.uni-trier.de}
}


@INPROCEEDINGS{Crammer2002,
author = {Koby Crammer and Ran Gilad-bachrach and Amir Navot and Naftali Tishby},
title = {Margin Analysis of the {LVQ} Algorithm},
booktitle = NIPS # " 2002",
year = {2002},
pages = {462-469},
publisher = {MIT press},
volume = {15},
address = {Cambridge, MA, USA},
}

@inproceedings{Sato1998,
author = {A. Sato and K. Yamada},
title = {An analysis of convergence in generalized {LVQ}},
year 	= {1998},
pages 	= {170-176}, 
volume = {1},
booktitle= po # " 8th " # ICAN,
editor = {Niklasson, L. and Bod\'{e}n, M. and Ziemke, T.},
publisher= {Springer},
address	= {London},
}

@article{Seo2003,
Title = {Soft Nearest Prototype Classification},
Author = {Seo, S. and Bode, M. and Obermayer, K.},
Pages = {390-398},
Year = {2003},
Journal = tNN,
Volume = {14},
Url2 = {ftp://ftp.cs.tu-berlin.de/pub/local/ni/papers/seo_2002_snpc.ps},
Projectname = {Machine Learning}
}

@ARTICLE{Seo2002,
author = {Sambu Seo and Klaus Obermayer},
title = {Soft Learning Vector Quantization},
journal = NC,
year = {2002},
volume = {15},
pages = {1589-1604},
}

@inproceedings{Sato1996,
author 	= {Sato, A.~S. and Yamada, K.},
title 	= {Generalized learning vector quantization} ,
booktitle= NIPS,
volume	= {8},
pages 	= {423-429}, 
year 	= {1996},
editor = {D. S. Touretzky, M. C. Mozer and M. E. Hasselmo},
publisher= {MIT Press},
address	= {Cambridge, MA, USA},
}

@article{Cover1967,
author = {Cover, T. M. and P. E. Hart},
title = {Nearest Neighbor Pattern Classification},
year = {1967},
journal = toit,
volume = {13},
number = {1},
pages = {21-27},
address = {Institute of Electrical and Electronics Engineers},
}

@book{Lee2007,
Author = {J.A. Lee and M. Verleysen},
Edition = {1st},
Publisher = {Springer},
Title = {Nonlinear dimensionality reduction},
year = {2007}
}

@INPROCEEDINGS{Frome2007,
author = {Andrea Frome and Fei Sha and Yoram Singer and Jitendra Malik},
title = {Learning globally-consistent local distance functions for shape-based image retrieval and classification},
booktitle = po # " 11th " # ICCV,
address = {Rio de Janeiro, Brazil},
year = {2007},
}

@INPROCEEDINGS{Chopra2005,
author = {Sumit Chopra and Raia Hadsell and Yann Lecun},
title = {Learning a similarity metric discriminatively, with application to face verification},
booktitle = po # " " # CVPR,
year = {2005},
pages = {539-546},
address = {San Diego, CA},
publisher = {IEEE Press}
}

@INPROCEEDINGS{Xing2002,
author = {Eric P. Xing and Andrew Y. Ng and Michael I. Jordan and Stuart Russell},
title = {Distance Metric Learning, with Application to Clustering with Side-information},
booktitle = NIPS # " 15",
year = {2002},
pages = {505-512},
address = {Cambridge},
publisher = {MIT Press},
}

@article{Martinetz1991,
author = {T. Martinetz and K. Schulten},
title = {A "Neural-Gas" Network Learns Topologies},
journal   = ANN,
volume    = {I},
number    = {},
year      = {1991},
pages = {397-402},
}

@article{Sutton1998,
author    = {Richard S. Sutton and Andrew G. Barto},
title     = {Reinforcement Learning: An Introduction},
journal   = tNN,
volume    = {9},
number    = {5},
year      = {1998},
pages     = {1054-1054},
ee        = {http://doi.ieeecomputersociety.org/10.1109/TNN.1998.712192},
bibsource = {DBLP, http://dblp.uni-trier.de}
}


@book{Han2005,
author = {Jiawei Han and Micheline Kamber},
title = {Data Mining: Concepts and Techniques},
publisher = {Morgen Kaufmann Publishers Inc},
year = {2005},
}

@book{Bishop2007,
author = {Bishop, Christopher M.},
title = {Pattern Recognition and Machine Learning (Information Science and Statistics)},
year = {2006},
isbn = {0387310738},
publisher = {Springer-Verlag New York, Inc.},
address = {Secaucus, NJ, USA},
} 


@book{Bishop1995,
author = {Bishop, Christopher M.},
publisher = {Oxford University Press, USA},
title = {Neural networks for pattern recognition},
year = 1995,
date-added = {2010-05-25 17:08:37 +0200},
date-modified = {2010-05-25 17:08:37 +0200},
keywords = {imported},
added-at = {2011-01-24T09:52:55.000+0100},
biburl = {http://www.bibsonomy.org/bibtex/2992504b34d1e4480654d4262945cb682/a.guidali}
}


@book{Mitchell1997,
address = {Boston, MA},
author = {Tom Michael Mitchell},
editor2 = {Eric M. Munson},
pages = 414,
publisher = {WCB/McGraw-Hill},
series = {McGraw-Hill Series in Computer Science},
title = {Machine Learning},
year = 1997,
keywords = {Artificial_Intelligence},
added-at = {2011-04-18T16:02:50.000+0200},
file = {Book:Mitchell1997.pdf:PDF},
isbn = {0-07-042807-7},
biburl = {http://www.bibsonomy.org/bibtex/209b077831e57dd3bb5856ceb5ce01e7f/diego}
}


@Book{Ripley1996,
author = {B. D. Ripley},
title = {Pattern Recognition and Neural Networks},
publisher = {Cambridge University Press},
address = {Cambridge},
year = {1996},
ISBN = {0-521-46086-7},
comment = {PRNNref},
}

@book{Kohonen2001,
editor = {Kohonen, T. and Schroeder, M. R. and Huang, T. S.},
title = {Self-Organizing Maps},
year = {2001},
isbn = {3540679219},
edition = {3rd},
publisher = {Springer-Verlag New York, Inc.},
address = {Secaucus, NJ, USA},
}

@techreport{Kohonen1986,
author = {Kohonen, T.},
title = {Learning vector quantization for pattern recognition},
institution = {Helsinki University of Technology},
number = {TKK-F-A601},
month = {},
year = {1986},
url = {},
address = {Espoo, Finland},
}

@book{Duda2000,
author={R. O. Duda and P. E. Hart and D. G. Stork},
publisher={Wiley-Interscience Publication},
title={Pattern Classification},
year={2000},
url2={http://vis.cs.brown.edu/results/bibtex/Duda-2000-PCL.bib},
added-by={Daniel Acevedo},
date-added={Sat June 19 15:23:22 2004},
note2={\url{http://vis.cs.brown.edu/results/bibtex/Duda-2000-PCL.bib}{(bibtex: Duda-2000-PCL)}},
}

@manual{Lyman2003,
author = {Lyman, Peter and Hal R. Varian},
title = {How Much Information},
year = {2003},
note = {Retrieved from http://www.sims.berkeley.edu/how-much-info-2003 on \today}
}